@misc{aeson,
  author       = {Bryan O'Sullivan},
  title        = {{aeson: Fast JSON parsing and encoding}},
  howpublished = {http://hackage.haskell.org/package/aeson-0.7.0.1},
  year         = {2014},
  month        = {Febrero},
  version      = {0.7.0.1},
  keywords     = {Haskell, Web, JSON},
  subtype      = {program},
}

@misc{graphviz,
  author       = {Matthew Sackman and Ivan Lazar Miljenovic},
  title        = {{graphviz: Bindings to Graphviz for graph visualisation.}},
  howpublished = {http://hackage.haskell.org/package/graphviz-2999.16.0.0},
  year         = {2013},
  month        = {Febrero},
  version      = {2999.16.0.0},
  keywords     = {Haskell, Grafos, Gráficos},
  subtype      = {program},
}

@misc{yaml,
  author       = {Michael Snoyman and Anton Ageev and Kirill Simonov},
  title        = {{yaml: Support for parsing and rendering YAML documents.}},
  howpublished = {http://hackage.haskell.org/package/yaml-0.8.6.2},
  year         = {2014},
  month        = {Febrero},
  version      = {0.8.6.2},
  keywords     = {Haskell, Web},
  subtype      = {program},
}

@book{Snoyman:2012:DWA:2385471,
 author    = {Michael Snoyman},
 title     = {Developing Web Applications with Haskell and Yesod},
 year      = {2012},
 isbn      = {1449316972, 9781449316976},
 publisher = {O'Reilly Media, Inc.},
}

@article{Carette:2009:FTP:1630623.1630626,
 author     = {Jacques Carette and Oleg Kiselyov and Chung-chieh Shan},
 title      = {Finally Tagless, Partially Evaluated: Tagless Staged Interpreters for Simpler Typed Languages},
 journal    = {Journal of Functional Programming},
 issue_date = {Septiembre 2009},
 volume     = {19},
 number     = {5},
 month      = {Septiembre},
 year       = {2009},
 issn       = {0956-7968},
 pages      = {509--543},
 numpages   = {35},
 url        = {http://dx.doi.org/10.1017/S0956796809007205},
 doi        = {10.1017/S0956796809007205},
 acmid      = {1630626},
 publisher  = {Cambridge University Press},
 address    = {New York, NY, USA},
}

@book{PostgreSQLv2,
  author    = {The PostgreSQL Global Development Group},
  title     = {PostgreSQL 9.0 Reference Manual - Volume 2: Programming Guide},
  volume    = 2,
  publisher = {Network Theory Ltd},
  year      = 2010
  url       = {http://www.network-theory.co.uk/postgresql9/vol2/},
}

@book{PostgreSQLv1a,
  author    = {The PostgreSQL Global Development Group},
  title     = {PostgreSQL 9.0 Reference Manual - Volume 1A: SQL Language Reference},
  volume    = 1,
  publisher = {Network Theory Ltd},
  year      = 2010
  url       = {http://www.network-theory.co.uk/postgresql9/vol1a/},
}

@misc{PHP,
  author    = {{The PHP Group}},
  title     = {PHP: Hypertext Preprocessor},
  url       = {http://www.php.net/},
  note      = "[consultado el 2014-02-09]"
}

@book{JSON,
  author = {ECMA International},
  title  = {The JSON Data Interchange Format},
  year   = {2013}
  month  = {October}
}

@techreport{YAMLStd,
  author      = {Oren Ben-Kiki, and Clark Evans and Brian Ingerson},
  title       = {{YAML} Ain't Markup Language ({YAML}) Version 1.2},
  year        = {2009}
  month       = {Septiembre},
  institution = {YAML.org},
  url         = {http://www.yaml.org/spec/1.2/spec.html},
  note        = "[consultado el 2014-02-09]"
}

@misc{AJAX,
  author       = {Jesse James Garrett},
  title        = {Ajax: A new approach to Web applications},
  publisher    = {AdaptivePath.com},
  year         = {2005},
  howpublished = {http://www.adaptivepath.com/ideas/ajax-new-approach-web-applications}
}

@TechReport{Cowan:06:EML,
  author      = {John Cowan and Jean Paoli and Eve Maler and Fran\c{c}ois Yergeau and Michael Sperberg-McQueen and Tim Bray},
  title       = {Extensible Markup Language ({XML}) {1.1} (Second Edition)},
  year        = {2006},
  month       = {Agosto},
  institution = "W3C",
}

@TechReport{HTML5,
  author      = "Robin Berjon and Steve Faulkner and Travis Leithead and Erika Doyle Navara and Edward O'Connor and Ian Hickson and Silvia Pfeiffer",
  title       = "HTML 5.1",
  month       = {Febrero},
  year        = "2014",
  institution = "W3C",
}

@phdthesis{Fielding:2000:ASD:932295,
 author    = {Roy Thomas Fielding},
 title     = {Architectural Styles and the Design of Network-based Software Architectures},
 year      = {2000},
 isbn      = {0-599-87118-0},
 note      = {AAI9980887},
 publisher = {Universidad de California, Irvine},
}

@misc{Siren,
  author       = {Kevin Swiber},
  title        = {Siren: Structured Interface for Representing Entities},
  year         = {2014},
  month        = feb,
  publisher    = {GitHub},
  journal      = {repositorio en GitHub},
  howpublished = {https://github.com/kevinswiber/siren/tree/000c7d6aac28b8911f8e7d8fd18575369c56d03a},
  commit       = {000c7d6aac28b8911f8e7d8fd18575369c56d03a}
  note         = "[consultado el 2014-02-09]"
}

@misc{SirenBrowser,
  author       = {Alex Soto},
  title        = {Siren Browser: A Siren Hypermedia browser-based client},
  year         = {2013},
  month        = jul,
  publisher    = {GitHub},
  journal      = {repositorio en GitHub},
  howpublished = {https://github.com/wurlinc/siren-browser/tree/44db649f8801d6520228b24af80853bf1cf27493},
  commit       = {44db649f8801d6520228b24af80853bf1cf27493}
  note         = "[consultado el 2014-02-09]"
}

@misc{rfc4122,
  author       = {P. Leach and M. Mealling and R. Salz},
  title        = {{A Universally Unique IDentifier (UUID) URN Namespace}},
  series       = {Request for Comments},
  number       = {4122},
  howpublished = {RFC 4122 (Proposed Standard)},
  publisher    = {Internet Engineering Task Force},
  organization = {Internet Engineering Task Force},
  year         = 2005,
  month        = {July},
}

@misc{rfc3986,
  author       = {T. Berners-Lee and R. Fielding and L. Masinter},
  title        = {{Uniform Resource Identifier (URI): Generic Syntax}},
  series       = {Request for Comments},
  number       = {3986},
  howpublished = {RFC 3986},
  publisher    = {Internet Engineering Task Force},
  organization = {Internet Engineering Task Force},
  year         = {2005},
  month        = {Enero},
}

@TechReport{W3C:SVG11:2011,
  author      = {Erik Dahlström and Patrick Dengler and Anthony Grasso and Chris Lilley and Cameron McCormack and Doug Schepers and Jonathan Watt and Jon Ferraiolo and Jun Fujisawa and Dean Jackson},
  title       = {{Scalable Vector Graphics (SVG) 1.1 (Second Edition)}},
  year        = {2011},
  month       = aug,
  bibsource   = "http://www.w3.org/2002/01/tr-automation/tr.rdf",
  institution = {W3C},
}

@misc{rfc2616,
  author       = {R. Fielding and J. Gettys and J. Mogul and H. Frystyk and L. Masinter and P. Leach and T. Berners-Lee},
  title        = {{Hypertext Transfer Protocol -- HTTP/1.1}},
  series       = {Request for Comments},
  number       = {2616}
  howpublished = {RFC 2616},
  publisher    = {Internet Engineering Task Force},
  organization = {Internet Engineering Task Force},
  year         = {1999},
  month        = {June},
}

@misc{haskell2010,
  title        = {{Haskell 2010 Language Report}},
  author       = {Simon Marlow},
  month        = {Abril},
  year         = {2010},
  howpublished = "http://www.haskell.org/onlinereport/haskell2010/",
  note         = "[consultado el 2014-02-09]"
}

@INPROCEEDINGS{Ellson01graphviz,
  author    = {John Ellson and Emden Gansner and Lefteris Koutsofios and Stephen North and Gordon Woodhull and Short Description and Lucent Technologies},
  title     = {Graphviz - open source graph drawing tools},
  booktitle = {Lecture Notes in Computer Science},
  year      = {2001},
  pages     = {483--484},
  publisher = {Springer-Verlag}
}

@book{iscdrhpicps,
  author = {World Health Organization},
  title  = {International Statistical Classification of Diseases and Related Health Problems, 10th Revision. Version for 2006 (ICD-10)},
  year   = 2006
}

@misc{Blockly,
  author       = {Neil Fraser},
  title        = {Blockly: A visual programming editor},
  year         = {2014},
  month        = feb,
  publisher    = {Google},
  journal      = {repositorio en Google Code},
  howpublished = {http://code.google.com/p/blockly/source/browse/?r=1635},
  note         = "[consultado el 2014-02-09]"
}

@Book{ISO:2011:IIIc,
  author    = {International Organization for Standardization},
  title     = {{ISO/IEC 9075-1:2011 Information technology --- Database languages --- SQL --- Part 1: Framework (SQL/Framework)}},
  publisher = {International Organization for Standardization},
  year      = {2011},
  month     = {December},
  day       = {15},
}

@book{Python,
  author    = {Fred L. Drake and Guido van Rossum},
  isbn      = {9781906966140},
  publisher = {Network theory Ltd.},
  title     = {{The Python Language Reference Manual}},
  year      = {2011}
}

@misc{Git,
  author       = {J. Bruce Fields},
  title        = {Git user's manual},
  publisher    = {Linux Kernel Organization, Inc.},
  year         = {2013},
  month        = {Febrero},
  day          = {15}
  howpublished = {https://www.kernel.org/pub/software/scm/git/docs/user-manual.html}
  note         = "[consultado el 2014-02-09]"
}

@misc{rfc5829,
  author       = {A. Brown and G. Clemm and J. Reschke},
  title        = {{Link Relation Types for Simple Version Navigation between Web Resources}},
  series       = {Request for Comments},
  number       = {5829},
  howpublished = {RFC 5829},
  publisher    = {Internet Engineering Task Force},
  organization = {Internet Engineering Task Force},
  year         = {2010},
  month        = {Abril},
}
